@misc{showdown,
  author = {Guangcong Luo},
  title = {Pokemon Showdown},
  year = {December 2011},
  publisher = {GitHub},
  journal = {GitHub repository},
  howpublished = {\url{https://github.com/smogon/pokemon-showdown}}
}
@misc{bot,
  author = {pmariglia},
  title = {Showdown},
  year = {March 2019},
  publisher = {GitHub},
  journal = {GitHub repository},
  howpublished = {\url{https://github.com/pmariglia/showdown}}
}